%----------------------------------------------------------------------------------
% Exemplo do uso dos estilos bibliográficos tcc-{alpha,num}.bst.
% Veja o arquivo uffstex.cls para mais detalhes e instruções.
%----------------------------------------------------------------------------------

-- Atenção! Sempre confira as entradas BibTeX copiadas de
bibliotecas digitais, pois muitas vezes as mesmas possuem o
formato incorreto, ou falta alguma informação necessária para
a referência.

-- Exemplo de referência a artigos de revistas e periódicos
@book{ETKIN1996,
  title        = {Dynamics of Flight: Stability and Control},
  author       = {Etkin, Bernard and Reid, Lloyd Duff},
  year         = {1996},
  edition      = {3rd},
  publisher    = {John Wiley \& Sons},
  address      = {New York},
}

@book{AUSTINUAS2010,
   address={Chichester, West Sussex, UK},
   author={Austin, Reg},
   howpublished={E-book},
   month={March},
   numpages={372},
   publisher={{John Wiley \& Sons}},
   title={Unmanned Aircraft Systems: UAVs Design, Development and Deployment},
   year={2010},
}

@article{WHINNERY2013,
  author    = {Whinnery, T. and Forster, E. M.},
  title     = {The +Gz-induced loss of consciousness curve},
  journal   = {Extreme Physiology \& Medicine},
  year      = {2013},
  volume    = {2},
  number    = {1},
  pages     = {19},
  doi       = {10.1186/2046-7648-2-19},
  url       = {https://doi.org/10.1186/2046-7648-2-19},
  publisher = {BioMed Central},
  month     = jun
}